 @online{accessibilityproject,
  title="Accessible Content Creation in Mathematics",
  author="Hughes and Leavitt",
  year="2013",
  url="http://www.pcc.edu/resources/instructional-support/access/documents/math-accessibilityreport.pdf"
  }
@article{natcentereduc,
    title="The Mathematics Required of First Year College Students",
  year="2013",
  journal="National Center on Education and the Economy",
  pages="6",
  }
 @article{focuswebwork,
  title="Statistical Evidence that Web-Based Homework Helps",
  author="Hirsch and Weibel",
  year="2003",
  month = "February",
  journal = "MAA Focus",
  url="http://www-rohan.sdsu.edu/~ituba/math3cw03/webworkfocus.pdf"
  }
 @phdthesis{brewer,
  title="The Effects of Online Homework on Achievement and Self-Efficacy of College Algebra Students",
  author="Brewer",
  year="2009",
  month = "May",
  school = "Utah State University",
  type = "{PhD} dissertation",
  url="http://digitalcommons.usu.edu/cgi/viewcontent.cgi?article=1414&context=etd"
  }
 @online{affirmativeaction,
  title="Affirmative action at PCC",
  url="http://www.pcc.edu/about/affirmative-action/interns/"
  }
 @online{studyskills,
  author="Bernards",
  title="Study skills website",
  url="http://studyskillsmath.wix.com/mathstudyskills"
  }
 @online{mth111project,
  author="Hughes and Jordan and Cary and Simonds",
  title="MTH 111 and 112 open source document project",
  url="https://github.com/cmhughes/precalculusDocument"
  }
 @online{pccmathdept,
  title="PCC Mathematics department website",
  url="http://spot.pcc.edu/math/download.htm"
  }
 @online{webworkblog,
  howpublished = "blog",
  title="WeBWorK accessibility projects",
  author="Gage",
  year="2013",
  month = "November",
  url="http://michaelgage.blogspot.com/2013/11/webwork-accessibility-projects.html"
  }
